@misc{pyGal,
      title = "A python SVG charts creator",
      year = "2013",
      howpublished = "http://pygal.org/",
}

@misc{deap,
	title = "Distributed evolutionary algorithm in Python",
	year = "2013",
	howpublished = "http://code.google.com/p/deap/"
}

@misc{niching1,
	howpublished = "http://cadlab.mit.edu/publications/96-senin-tr9602-ga/dontindex/96-senin.pdf",
	title = "Multimodal Optimization using Genetic Algorithms",
	author = "Thomas Gr√ºninger and David Wallace"
}

@misc{niching2,
 howpublished = "http://www.cs.bham.ac.uk/\~pkl/teaching/2009/ec/lecture\_notes/l06-niching.pdf",
 title = "Niching and Speciation",
 author = "Xin Yao"
}